Automatically generated by Mendeley Desktop 1.12.4
Any changes to this file will be lost if it is regenerated by Mendeley.

BibTeX export options can be customized via Preferences -> BibTeX in Mendeley Desktop

@article{IgnatovWitology,
author = {Ignatov, Dmitry I and Mikhailova, Maria and Zakirova, Alexandra Yu and Malioukov, Alexander},
file = {:Users/makazone/Google Drive/Курсач/RSCP\_LNCS.pdf:pdf},
keywords = {biclustering,concept analysis,crowdsourcing,formal,recommender systems,witology},
pages = {1--22},
title = {{Recommendation of Ideas and Antagonists for Crowdsourcing Platform Witology}}
}
@article{IgnatovFCA,
author = {Ignatov, Dmitry I and Nenova, Elena and Konstantinova, Natalia and Andrey, V},
file = {:Users/makazone/Google Drive/Курсач/BMF-paper.pdf:pdf},
keywords = {boolean matrix factorisation,formal concept analysis,recommender algorithms,singular value decomposition},
pages = {1--12},
title = {{Boolean Matrix Factorisation for Collaborative Filtering : An FCA-Based Approach}}
}
@article{Alqadah2014,
author = {Alqadah, Faris and Reddy, Chandan K. and Hu, Junling and Alqadah, Hatim F.},
doi = {10.1007/s10115-014-0771-x},
file = {:Users/makazone/Google Drive/Курсач/art\%3A10.1007\%2Fs10115-014-0771-x-2.pdf:pdf},
issn = {0219-1377},
journal = {Knowledge and Information Systems},
keywords = {biclustering,collaborative filtering,formal concept analysis,implicit feedback,recommender systems,top- n recommendation},
month = aug,
title = {{Biclustering neighborhood-based collaborative filtering method for top-n recommender systems}},
url = {http://link.springer.com/10.1007/s10115-014-0771-x},
year = {2014}
}
